<?xml version="1.0" encoding="UTF-8"?><collection xmlns="http://www.loc.gov/MARC21/slim"><record><leader>00480nam--2200181-i-4500</leader><controlfield tag="001">000025474</controlfield><controlfield tag="002">20161230</controlfield><controlfield tag="005">20161230201035</controlfield><controlfield tag="008">060222s1000------------r-----000-0-fre-d</controlfield><datafield ind1=" " ind2=" " tag="040"><subfield code="a">IFIN-HH</subfield></datafield><datafield ind1=" " ind2=" " tag="041"><subfield code="a">fre</subfield></datafield><datafield ind1=" " ind2=" " tag="080"><subfield code="a">539.171.5(043)</subfield></datafield><datafield ind1="1" ind2=" " tag="100"><subfield code="a">Journe, V</subfield></datafield><datafield ind1="1" ind2="0" tag="245"><subfield code="a">Etude des interactions coherentes ded 15o gev/c sur helium</subfield><subfield code="b">These</subfield><subfield code="c">V. journe</subfield></datafield><datafield ind1=" " ind2=" " tag="260"><subfield code="a">Paris</subfield><subfield code="b">Universite</subfield><subfield code="c">1978</subfield></datafield><datafield ind1=" " ind2=" " tag="300"><subfield code="a">75P.+ 23 FIG</subfield></datafield><datafield ind1=" " ind2=" " tag="852"><subfield code="a">46483</subfield><subfield code="c">539.17</subfield></datafield><datafield ind1=" " ind2=" " tag="CAT"><subfield code="a">Sys</subfield><subfield code="c">20120618</subfield><subfield code="h">143146</subfield></datafield></record></collection>